@inproceedings{werner,
 author = {Werner, Steffen},
 title = {The Steering Wheel As a Touch Interface: Using Thumb-Based Gesture Interfaces As Control Inputs While Driving},
 booktitle = {Adjunct Proceedings of the 6th International Conference on Automotive User Interfaces and Interactive Vehicular Applications},
 series = {AutomotiveUI '14},
 year = {2014},
 isbn = {978-1-4503-0725-3},
 location = {Seattle, WA, USA},
 pages = {1--4},
 numpages = {4},
 url = {http://doi.acm.org/10.1145/2667239.2667299},
 doi = {10.1145/2667239.2667299},
 acmid = {2667299},
 publisher = {ACM},
 address = {New York, NY, USA},
 keywords = {Driver vehicle interfaces, automotive user interfaces, gesture interfaces, steering wheel input},
}

@inproceedings{kern,
 author = {Kern, Dagmar and Schmidt, Albrecht},
 title = {Design Space for Driver-based Automotive User Interfaces},
 booktitle = {Proceedings of the 1st International Conference on Automotive User Interfaces and Interactive Vehicular Applications},
 series = {AutomotiveUI '09},
 year = {2009},
 isbn = {978-1-60558-571-0},
 location = {Essen, Germany},
 pages = {3--10},
 numpages = {8},
 url = {http://doi.acm.org/10.1145/1620509.1620511},
 doi = {10.1145/1620509.1620511},
 acmid = {1620511},
 publisher = {ACM},
 address = {New York, NY, USA},
 keywords = {automotive user interfaces, car user interfaces, design space},
}

@inproceedings{gonzalez,
 author = {Gonz\'{a}lez, Iv\'{a}n E. and Wobbrock, Jacob O. and Chau, Duen Horng and Faulring, Andrew and Myers, Brad A.},
 title = {Eyes on the Road, Hands on the Wheel: Thumb-based Interaction Techniques for Input on Steering Wheels},
 booktitle = {Proceedings of Graphics Interface 2007},
 series = {GI '07},
 year = {2007},
 isbn = {978-1-56881-337-0},
 location = {Montreal, Canada},
 pages = {95--102},
 numpages = {8},
 url = {http://doi.acm.org/10.1145/1268517.1268535},
 doi = {10.1145/1268517.1268535},
 acmid = {1268535},
 publisher = {ACM},
 address = {New York, NY, USA},
 keywords = {StampPad, distraction, driving, gestures, interaction techniques, selection techniques, steering, text entry, text input, thumb-based input, touchpad},
}

@inproceedings{murer,
 author = {Murer, Martin and Wilfinger, David and Meschtscherjakov, Alexander and Osswald, Sebastian and Tscheligi, Manfred},
 title = {Exploring the Back of the Steering Wheel: Text Input with Hands on the Wheel and Eyes on the Road},
 booktitle = {Proceedings of the 4th International Conference on Automotive User Interfaces and Interactive Vehicular Applications},
 series = {AutomotiveUI '12},
 year = {2012},
 isbn = {978-1-4503-1751-1},
 location = {Portsmouth, New Hampshire},
 pages = {117--120},
 numpages = {4},
 url = {http://doi.acm.org/10.1145/2390256.2390275},
 doi = {10.1145/2390256.2390275},
 acmid = {2390275},
 publisher = {ACM},
 address = {New York, NY, USA},
 keywords = {back of the device interaction, steering wheel, text input},
} 

@inproceedings{pfleging,
 author = {Pfleging, Bastian and Schneegass, Stefan and Schmidt, Albrecht},
 title = {Multimodal Interaction in the Car: Combining Speech and Gestures on the Steering Wheel},
 booktitle = {Proceedings of the 4th International Conference on Automotive User Interfaces and Interactive Vehicular Applications},
 series = {AutomotiveUI '12},
 year = {2012},
 isbn = {978-1-4503-1751-1},
 location = {Portsmouth, New Hampshire},
 pages = {155--162},
 numpages = {8},
 url = {http://doi.acm.org/10.1145/2390256.2390282},
 doi = {10.1145/2390256.2390282},
 acmid = {2390282},
 publisher = {ACM},
 address = {New York, NY, USA},
 keywords = {automotive user interfaces, gesture interaction, multimodal interfaces, speech interaction},
} 

@inproceedings{doring,
 author = {D\"{o}ring, Tanja and Kern, Dagmar and Marshall, Paul and Pfeiffer, Max and Sch\"{o}ning, Johannes and Gruhn, Volker and Schmidt, Albrecht},
 title = {Gestural Interaction on the Steering Wheel: Reducing the Visual Demand},
 booktitle = {Proceedings of the SIGCHI Conference on Human Factors in Computing Systems},
 series = {CHI '11},
 year = {2011},
 isbn = {978-1-4503-0228-9},
 location = {Vancouver, BC, Canada},
 pages = {483--492},
 numpages = {10},
 url = {http://doi.acm.org/10.1145/1978942.1979010},
 doi = {10.1145/1978942.1979010},
 acmid = {1979010},
 publisher = {ACM},
 address = {New York, NY, USA},
 keywords = {automotive user interfaces, driver distraction, gestural input, multi-touch, user-defined gestures, visual demand},
}

@inproceedings{wilfinger,
 author = {Wilfinger, David and Murer, Martin and Osswald, Sebastian and Meschtscherjakov, Alexander and Tscheligi, Manfred},
 title = {The Wheels Are Turning: Content Rotation on Steering Wheel Displays},
 booktitle = {Proceedings of the SIGCHI Conference on Human Factors in Computing Systems},
 series = {CHI '13},
 year = {2013},
 isbn = {978-1-4503-1899-0},
 location = {Paris, France},
 pages = {1809--1812},
 numpages = {4},
 url = {http://doi.acm.org/10.1145/2470654.2466238},
 doi = {10.1145/2470654.2466238},
 acmid = {2466238},
 publisher = {ACM},
 address = {New York, NY, USA},
 keywords = {display, distraction, rotation, steering wheel},
}

@inproceedings{pfeiffer,
 author = {Pfeiffer, Max and Kern, Dagmar and Sch\"{o}ning, Johannes and D\"{o}ring, Tanja and Kr\"{u}ger, Antonio and Schmidt, Albrecht},
 title = {A Multi-touch Enabled Steering Wheel: Exploring the Design Space},
 booktitle = {CHI '10 Extended Abstracts on Human Factors in Computing Systems},
 series = {CHI EA '10},
 year = {2010},
 isbn = {978-1-60558-930-5},
 location = {Atlanta, Georgia, USA},
 pages = {3355--3360},
 numpages = {6},
 url = {http://doi.acm.org/10.1145/1753846.1753984},
 doi = {10.1145/1753846.1753984},
 acmid = {1753984},
 publisher = {ACM},
 address = {New York, NY, USA},
 keywords = {automotive interfaces, gesture input, multi-touch interaction},
}
